<record xmlns="http://www.openarchives.org/OAI/2.0/" xmlns:xsi="http://www.w3.org/2001/XMLSchema-instance"><header><identifier>oai:alma.34CSIC_INST:990012345330204201</identifier><datestamp>2020-02-06T08:41:03Z</datestamp><setSpec>manuscripta</setSpec></header><metadata><record xmlns="http://www.loc.gov/MARC21/slim" xmlns:xsi="http://www.w3.org/2001/XMLSchema-instance" xsi:schemaLocation="http://www.loc.gov/MARC21/slim http://www.loc.gov/standards/marcxml/schema/MARC21slim.xsd"><leader>06705ntm a2200721 i 4500</leader><controlfield tag="005">20181031100354.0</controlfield><controlfield tag="008">100527q12251810sp            000 0 per d</controlfield><controlfield tag="001">990012345330204201</controlfield><datafield tag="035" ind1=" " ind2=" "><subfield code="a">CSIC001234533</subfield></datafield><datafield tag="035" ind1=" " ind2=" "><subfield code="a">(ES-MaCSI)001234533MAD01-Aleph</subfield></datafield><datafield tag="035" ind1=" " ind2=" "><subfield code="a">(OCoLC)1124032828
</subfield></datafield><datafield tag="040" ind1=" " ind2=" "><subfield code="a">ES-MaCSI</subfield><subfield code="b">spa</subfield></datafield><datafield tag="080" ind1=" " ind2=" "><subfield code="a">091(=221.1)</subfield></datafield><datafield tag="080" ind1=" " ind2=" "><subfield code="a">17:159.9.019.43</subfield></datafield><datafield tag="080" ind1=" " ind2=" "><subfield code="a">82-13</subfield></datafield><datafield tag="100" ind1="1" ind2=" "><subfield code="a">Anuncio Dinar Ali Yazdi de Sharaf</subfield></datafield><datafield tag="245" ind1="1" ind2="0"><subfield code="a">Zafer Nameh (Libro de la Victoria) </subfield><subfield code="h">[Manuscrito]</subfield><subfield code="c">/ Anuncio Dinar Ali Yazdi de Sharaf, [compilador: Mulana Dahatef].</subfield></datafield><datafield tag="260" ind1=" " ind2=" "><subfield code="a">India,</subfield><subfield code="c">29 safar 1225/ 6 Abril 1810.</subfield></datafield><datafield tag="300" ind1=" " ind2=" "><subfield code="a">204 ff. + 2 de guarda (2 cols. 11 líneas por pág.) :</subfield><subfield code="b">Papel (de dos clases distintas) ;</subfield><subfield code="c">21,8x13 cm. (caja: 13x8 cm.).</subfield></datafield><datafield tag="490" ind1="1" ind2=" "><subfield code="a">Manuscripta</subfield></datafield><datafield tag="500" ind1=" " ind2=" "><subfield code="a">Tinta negra y roja.</subfield></datafield><datafield tag="500" ind1=" " ind2=" "><subfield code="a">Incipit: [بسملة]</subfield></datafield><datafield tag="500" ind1=" " ind2=" "><subfield code="a">Copista: تهمل, que vivía en la calle کوچه کهاسی رام (Khasiram?)</subfield></datafield><datafield tag="500" ind1=" " ind2=" "><subfield code="a">Colofón (Fol. 201v):</subfield></datafield><datafield tag="500" ind1=" " ind2=" "><subfield code="a">تمت تمام شد کار من نظام شد این تاریخ ظفر نامه که تمر نامه// میکویند من تصنیف هاتفی بهر نقل از کتاب لاله کلدار سنکه جیو/ بر داشتم و بتاریخ بیست و نهم/ ماه صفر سنه ١٢٢٥ هجری مطابق سنه ۴/ جلوس اکبر شاه صاحبقران ثانی بنظامت (؟)/ سهن(؟) صاحب ... انکریران(؟)/ عالیشان بخط بنده درکاه/ تهمل(؟) ساکن کوچه کهاسی رام/ بروز پبجشنبه بوقت/ دوپهر تحریر یافت</subfield></datafield><datafield tag="500" ind1=" " ind2=" "><subfield code="a">Características especiales: Encabezamientos en tinta roja. Los siguientes folios en otro papel de color amarillo: 24r a 70v; 150r a 159v; 161r a 162v; 164r a 173v; 176r a 177v.</subfield></datafield><datafield tag="500" ind1=" " ind2=" "><subfield code="a">Ilustración: No.</subfield></datafield><datafield tag="500" ind1=" " ind2=" "><subfield code="a">Ilustraciones: No.</subfield></datafield><datafield tag="500" ind1=" " ind2=" "><subfield code="a">Tipo de cuaderno: Cuadernos de 4 y 5 bifolios.</subfield></datafield><datafield tag="500" ind1=" " ind2=" "><subfield code="a">Deterioros generales: Ocasionales manchas de humedad que no afectan al texto. Mancha en fol. 153r.</subfield></datafield><datafield tag="500" ind1=" " ind2=" "><subfield code="a">H. en blanco: 204r. Numerosas lagunas en el texto, probablemente debidas a ser copia de un texto defectuoso.</subfield></datafield><datafield tag="500" ind1=" " ind2=" "><subfield code="a">H. dañadas, mutiladas, sueltas: Sueltas: fols. 15 a 17 y 22 a 23.</subfield></datafield><datafield tag="500" ind1=" " ind2=" "><subfield code="a">H. faltan o añadidas: No</subfield></datafield><datafield tag="500" ind1=" " ind2=" "><subfield code="a">Foliación: Sin foliación original. Se ha foliado a lápiz en el margen superior izquierdo del recto.</subfield></datafield><datafield tag="500" ind1=" " ind2=" "><subfield code="a">Reclamos: En el verso de todos los folios.</subfield></datafield><datafield tag="500" ind1=" " ind2=" "><subfield code="a">Sign. cuad.: No.</subfield></datafield><datafield tag="500" ind1=" " ind2=" "><subfield code="a">Pautado: No se aprecia. Distancia interlineal: 1,2 cm.</subfield></datafield><datafield tag="500" ind1=" " ind2=" "><subfield code="a">Filigrana: No se aprecia.</subfield></datafield><datafield tag="500" ind1=" " ind2=" "><subfield code="a">Anotaciones: Anotaciones marginales en fols. 80r, 82r, 85v, 94v, 102r, 117r, 122r, 138r y 156v, a menudo cortadas por la encuadernación. Tachaduras en los fols. 132v, 133v y 203v. Guarda final con anotación “Ms. Persian Hatifi” y escudo del General Wyndham. Etiqueta pegada en hoja de guarda y en cubierta con número 55 tachado.</subfield></datafield><datafield tag="500" ind1=" " ind2=" "><subfield code="a">Signatura antigua: RESC/1022</subfield></datafield><datafield tag="510" ind1="3" ind2=" "><subfield code="a">Descripción: No.</subfield></datafield><datafield tag="510" ind1="4" ind2=" "><subfield code="a">Bibliografía: No.</subfield></datafield><datafield tag="520" ind1=" " ind2=" "><subfield code="a">Poema épico describiendo la vida y proezas militares de Timur, dedicado al sultán Husayn Bayqara (muerto en 1506). El poema imita el estilo del Iskandar Nāma de Nizāmī. Consejos para los gobernantes, tomando a Dios y al profeta como modelo. Libro de la Victoria.</subfield></datafield><datafield tag="530" ind1=" " ind2=" "><subfield code="a">Digitalización.</subfield></datafield><datafield tag="541" ind1=" " ind2=" "><subfield code="a">Procedencia: Desconocida. Escuela de Estudios Árabes?</subfield></datafield><datafield tag="546" ind1=" " ind2=" "><subfield code="a">Persa</subfield></datafield><datafield tag="563" ind1=" " ind2=" "><subfield code="a">Encuadernado en piel marrón sobre cartón con medallón central.</subfield></datafield><datafield tag="594" ind1=" " ind2="1"><subfield code="a">Título: Zafer Nameh (Libro de la Victoria), también conocido por Tīmūr-nāma” تیمور نامه y Zafar-nāma-yi Tīmūrī” ظفر نامهٔ تیموری</subfield></datafield><datafield tag="594" ind1=" " ind2="1"><subfield code="a">Compilador: Mulana Dahatef o ‘Abd Allāh Hātifī Jāmī (siglo XVI)</subfield></datafield><datafield tag="595" ind1=" " ind2=" "><subfield code="a">Edición: No.</subfield></datafield><datafield tag="650" ind1=" " ind2="7"><subfield code="a">Manuscritos persas.</subfield><subfield code="2">CSICAU</subfield></datafield><datafield tag="650" ind1=" " ind2="7"><subfield code="a">Teología.</subfield><subfield code="2">CSICAU</subfield></datafield><datafield tag="650" ind1=" " ind2="7"><subfield code="a">Conducta moral.</subfield><subfield code="2">CSICAU</subfield></datafield><datafield tag="650" ind1=" " ind2="7"><subfield code="a">Poesía épica.</subfield><subfield code="2">CSICAU</subfield></datafield><datafield tag="700" ind1="1" ind2=" "><subfield code="a">Mulana Dahatef</subfield><subfield code="e">comp.</subfield></datafield><datafield tag="700" ind1="1" ind2=" "><subfield code="a">`Abd Allāh Hātifī Jāmī</subfield><subfield code="e">comp.</subfield></datafield><datafield tag="740" ind1="0" ind2=" "><subfield code="a">Tīmūr-nāma”</subfield></datafield><datafield tag="740" ind1="0" ind2=" "><subfield code="a">تیمور نامه</subfield></datafield><datafield tag="740" ind1="0" ind2=" "><subfield code="a">Zafar-nāma-yi Tīmūrī”</subfield></datafield><datafield tag="740" ind1="0" ind2=" "><subfield code="a">ظفر نامهٔ تیموری</subfield></datafield><datafield tag="830" ind1=" " ind2="0"><subfield code="a">Manuscripta</subfield></datafield><datafield tag="856" ind1="4" ind2="1"><subfield code="u">http://aleph.csic.es/imagenes/mad01/0006_PMSC/P_001234533_663865_V00.pdf</subfield><subfield code="z">Descargar Pdf completo (45M)</subfield><subfield code="m">CSIC</subfield></datafield><datafield tag="856" ind1="4" ind2="1"><subfield code="u">http://simurg.bibliotecas.csic.es/viewer/image/CSIC001234533/1/</subfield><subfield code="z">Ver texto completo en SIMURG, el portal de fondos digitalizados del CSIC</subfield><subfield code="m">CSIC</subfield></datafield><datafield tag="856" ind1="4" ind2="1"><subfield code="u">http://aleph.csic.es/imagenes/mad01/0006_PMSC/html/001234533.html</subfield><subfield code="z">Ver texto completo en Bookreader</subfield></datafield></record></metadata></record>